@article{name06,
	Author = {Name},
	Journal = {Journal of Sth},
	Title = {Title},
	Year = {2006}}

@article{lastname07,
	Author = {Lastname},
	Journal = {Journal of Sth},
	Title = {Title},
	Year = {2007}}

@inproceedings{Dawen:2011,
	Author = {Liang and Xia and Dannenberg},
	Title = {A Framework for Coordination and Synchronization of Media},
  booktitle = {International Society for Music Information Retrieval},
	Year = {2011}}

@inproceedings{Dawen:ISMIR2011,
	Author = {Liang and Xia and Dannenberg},
	Title = {Segmentation, Clustering, and Display in a Personal Music 
    Database for Musicians},
  booktitle = {International Society for Music Information Retrieval},
	Year = {2011}}

@article{Roger:89,
  Author = {Dannenberg},
  Title = {Real-time scheduling and computer accompaniment},
	Journal = {Current Directions in Computer Music Research},
	Year = {1989},
  Pages = {225-261}}

@inproceedings{Robertson:2007,
  Author = {Robertson, A. and Plumbley, M. D. B},
  Title = {A beat tracker for real time synchronisation within performance},
  booktitle= {New Interfaces for Musical Expression},
  Year = {2007},
  Pages = {234-237}}

@MISC{ZMQ,
  Author = {Ian Barber},
  Title = {Zero Library},
  url = {http://www.zeromq.org},
  Year = {2013}}

@inproceedings{Hcmp0,
  address = {New York University, New York},
  author = {Dannenberg},
  booktitle = {International Conference on New Interfaces for Musical Expression},
  month = jun,
  pages = {130--135},
  title = {{New Interfaces for Popular Music Performance}},
  year = {2005}
}

@inproceedings{Gold2011,
  address = {Oslo},
  author = {Gold, Nicolas E and Dannenberg, Roger B},
  booktitle = {International Conference on New Interfaces for Musical Expression},
  month = jun,
  pages = {36--39},
  title = {{A reference architecture and score representation for popular music 
    human-computer music performance systems}},
  year = {2011}
}

@inproceedings{Hcmp1,
  address = {San Francisco},
  author = {Dannenberg},
  booktitle = {Proceedings of the International Computer Music Conference 2011},
  month = aug,
  pages = {185--188},
  title = {{A Virtual Orchestra for Human-Computer Music Performance}},
  year = {2011}
}

@inproceedings{Dannenberga,
  address = {Mexico City, Mexico},
  annote = {Here is some notes},
  author = {Dannenberg},
  booktitle = {Proceedings of the Second International Conference on Computational Creativity},
  pages = {84--89},
  title = {{A Vision of Creative Computation in Music Performance}},
  url = {http://onlinelibrary.wiley.com/doi/10.1002/cbdv.200490137/abstract http://iccc11.cua.uam.mx/proceedings/the\_cybernetic/dannenberg\_1\_iccc11.pdf},
  year = {2011}
}

@MISC{zeromq,
  Author = {Dannenberg},
  Title = {Messaging Protocol},
  Year = {2012},
  url = {http://sourceforge.net/p/livedisp/wiki/}
  }

@MISC{wxWidget,
  Title = {wxWidgets Lirary},
  Author = {wxWidgets},
  url = {http://www.wxwidgets.org}}

@MISC{Ableton:2011,
  Author = {Ableton},
  Title = {Ableton reference manual},
  url = {http://www.ableton.com/pages/downloads/manuals},
  Year = {2011},
}

@MISC{Serpent,
  Title = {Serpent},
  Author = {Dannenberg},
  url = {http://www.cs.cmu.edu/~music/aura/serpent-info.htm}}
